<?xml version="1.0" encoding="UTF-8"?><collection xmlns="http://www.loc.gov/MARC21/slim"><record><leader>00350nam--2200133-i-4500</leader><controlfield tag="001">000036055</controlfield><controlfield tag="002">20161230</controlfield><controlfield tag="005">20161230201040</controlfield><controlfield tag="008">060222s1000------------r-----000-0-eng-d</controlfield><datafield ind1=" " ind2=" " tag="080"><subfield code="a">53:92</subfield></datafield><datafield ind1=" " ind2=" " tag="100"><subfield code="a">Oliphant, Mark</subfield></datafield><datafield ind1=" " ind2=" " tag="245"><subfield code="a">Rutherford recollections of the cambridge days</subfield></datafield><datafield ind1=" " ind2=" " tag="260"><subfield code="a">Amsterdam, Elsevier Publ.Co., 1972, Xii + 158p</subfield></datafield><datafield ind1=" " ind2=" " tag="852"><subfield code="a">37123</subfield></datafield></record></collection>